@Manual{johnson_2016,
  title = {adaptivetau: Tau-Leaping Stochastic Simulation},
  author = {Philip Johnson},
  year = {2016},
  note = {R package version 2.2-1},
  url = {https://CRAN.R-project.org/package=adaptivetau},
 }

@Manual{R,
  title = {R: A Language and Environment for Statistical Computing},
  author = {{R Core Team}},
  organization = {R Foundation for Statistical Computing},
  address = {Vienna, Austria},
  year = {2017},
  url = {https://www.R-project.org/},
}

@Manual{profvis,
  title = {profvis: Interactive Visualizations for Profiling R Code},
  author = {Winston Chang and Javier Luraschi},
  year = {2017},
  note = {R package version 0.3.3},
  url = {https://CRAN.R-project.org/package=profvis},
}

@Manual{microbenchmark,
  title = {microbenchmark: Accurate Timing Functions},
  author = {Olaf Mersmann},
  year = {2015},
  note = {R package version 1.4-2.1},
  url = {https://CRAN.R-project.org/package=microbenchmark},
}

@Manual{foreach,
  title = {foreach: Provides Foreach Looping Construct for R},
  author = {Revolution Analytics and Steve Weston},
  year = {2015},
  note = {R package version 1.4.3},
  url = {https://CRAN.R-project.org/package=foreach},
}

@Book{Wickham_2009,
  author = {Hadley Wickham},
  title = {ggplot2: Elegant Graphics for Data Analysis},
  publisher = {Springer-Verlag New York},
  year = {2009},
  isbn = {978-0-387-98140-6},
  url = {http://ggplot2.org},
  }

@Manual{data.table,
  title = {data.table: Extension of `data.frame`},
  author = {Matt Dowle and Arun Srinivasan},
  year = {2017},
  note = {R package version 1.10.4},
  url = {https://CRAN.R-project.org/package=data.table},
}

@article{andrews_tischer_siedler_pebody_2008,
  title = {Towards elimination: measles susceptibility in {Australia} and 17 {European} countries},
  journal = {Bulletin of the World Health Organization},
  volume = {86},
  publisher = {World Health Organization},
  author = {Andrews, Nick and Tischer, Annedore and Siedler, Annette and Pebody, Richard G},
  year = {2008},
  month = {Mar}
}
@Article{Rcpp,
  title = {{Rcpp}: Seamless {R} and {C++} Integration},
  author = {Dirk Eddelbuettel and Romain Fran\c{c}ois},
  journal = {Journal of Statistical Software},
  year = {2011},
  volume = {40},
  number = {8},
  pages = {1--18},
  url = {http://www.jstatsoft.org/v40/i08/},
}

@article{sniadack_crowcroft_durrheim_rota_2017,
  title={Roadmap to elimination-standard measles and rubella surveillance},
  volume={92},
  url={http://apps.who.int/iris/bitstream/10665/254652/1/WER9209-10.pdf},
  number={9/10},
  journal={Weekly Epidemiological Record},
  author={Sniadack, David H and Crowcroft, Natasha S and Durrheim, David N and Rota, Paul A},
  year={2017},
  month={Mar},
  pages={97–105}
}

@article{world_health_organization_2017,
  title={Measles vaccines: {WHO} position paper – {April} 2017},
  volume={92},
  url={http://apps.who.int/iris/bitstream/10665/255149/1/WER9217.pdf},
  number={17},
  journal={Weekly Epidemiological Record},
  author={World Health Organization},
  year={2017},
  month={Apr},
  pages={205–228}
}

@article{yang_gillespie_petzold_2007,
  title={Adaptive explicit-implicit tau-leaping method with automatic tau selection},
  volume={126},
  url={http://aip.scitation.org/doi/abs/10.1063/1.2745299},
  number={22},
  journal={The Journal of Chemical Physics},
  author={Yang, Cao and Gillespie, Daniel T and Petzold, Linda R},
  year={2007},
  month={Jun}
}
